
@Article{carStat,
AUTHOR = { Kuhnimhof, Tobias},
TITLE = {Connected Car: Quantified Self becomes Quantified Car},
JOURNAL = {Institute of Transport Research at the German Aerospace Center (DLR)},
YEAR = {2017},
MONTH = {05},
URL = {http://www.demand.ac.uk/wp-content/uploads/2017/03/25-EC1-Tobias-Kuhnimhof.pdf},
}

@Article{destatisCar, 
AUTHOR = {{Statistisches Bundesamt}},
TITLE = {Press release No. 061 of 27 February 2020},
JOURNAL = {Destatis},
YEAR = {2020}, 
MONTH = {February},
URL = {https://www.destatis.de/EN/Press/2020/02/PE20\_061\_46241.html}
}

@Article{iotAccidentSensNRep,
AUTHOR = {Bhatti, Fizzah and Shah, Munam Ali and Maple, Carsten and Islam, Saif Ul},
TITLE = {A Novel Internet of Things-Enabled Accident Detection and Reporting System for Smart City Environments},
JOURNAL = {Sensors},
VOLUME = {19},
YEAR = {2019},
NUMBER = {9},
ARTICLE-NUMBER = {2071},
URL = {https://www.mdpi.com/1424-8220/19/9/2071},
ISSN = {1424-8220},
DOI = {10.3390/s19092071}
}

@Article{connectedCar,
AUTHOR = {Swan, Melanie},
TITLE = {Connected Car: Quantified Self becomes Quantified Car},
JOURNAL = {Journal of Sensor and Actuator Networks},
VOLUME = {4},
YEAR = {2015},
NUMBER = {1},
PAGES = {2--29},
URL = {https://www.mdpi.com/2224-2708/4/1/2},
ISSN = {2224-2708},
DOI = {10.3390/jsan4010002}
}