@inproceedings{cheng2015building,
  title={Building a big data platform for smart cities: Experience and lessons from santander},
  author={Cheng, Bin and Longo, Salvatore and Cirillo, Flavio and Bauer, Martin and Kovacs, Ernoe},
  booktitle={2015 IEEE International Congress on Big Data},
  pages={592--599},
  year={2015},
  organization={IEEE}
}
@manual{mqtt_doc,
  title={MQTT Version 3.1.1},
  author={Banks, Andrew and Gupta, Rahul},
  adress={http://docs.oasis-open.org/mqtt/mqtt/v3.1.1/os/mqtt-v3.1.1-os.pdf},
  year={2014},
  organization={OASIS Open}
}
@misc{mqtt_overview,
    note={https://behindthesciences.com/electronics/mqtt-iot-device-with-raspberry-pi-esp8266},
    title={MQTT IOT DEVICE WITH RASPBERRY PI ESP8266}
}
@techrepot{mqtt_bridge_dynamic
    title={Data Echange with the MQTT Protocol: Dynamic Bridge Approach},
    author={Schmitt, Alexandre and Carlier, Florent and Renault, Valérie},
    institution={Le Mans Université},
    year={2017}
}
    